@article{abbrev,
  title={Title},
  author={Authors},
  journal={Journal or Conference},
  volume={XX},
  number={X},
  pages={XXX--XXX},
  year={Year}
}